@misc{about_3factors,
  title        = {多要素認証 | 用語解説 | 野村総合研究所(NRI)},
  howpublished = {\url{https://www.nri.com/jp/knowledge/glossary/lst/ta/multi_factor_authentication}},
  note         = {2022年02月07日アクセス}
}